@Article{Deroos-1988,
  author = {A. M. De Roos},
  journal = {Numerical Methods for Partial Differential Equations},
  number = {3},
  pages = {173--195},
  title = {Numerical methods for structured population models: the Escalator Boxcar Train},
  url = {http://dx.doi.org/10.1002/num.1690040303},
  volume = {4},
  year = {1988},
}

@Article{Deroos-1992,
  author = {A. M. De Roos and O. Diekmann and J. A. J Metz},
  journal = {American Naturalist},
  number = {1},
  pages = {123},
  title = {Studying the dynamics of structured population models: a versatile technique and its application to Daphnia},
  url = {http://www.journals.uchicago.edu/doi/abs/10.1086/285316},
  volume = {139},
  year = {1992},
}

@InCollection{Deroos-1997,
  address = {New York},
  author = {A. M. De Roos and S. Taljapurkar and H. Caswell},
  booktitle = {Structured population models in marine, terrestrial and fresh-water systems},
  pages = {119--204},
  publisher = {Chapman \& Hall},
  title = {A gentle introduction to physiologically structured population models},
  year = {1997},
}

@Article{Dieckmann-1996,
  title = {The dynamical theory of coevolution: a derivation from stochastic ecological processes},
  volume = {34},
  url = {http://dx.doi.org/10.1007/BF02409751},
  doi = {10.1007/BF02409751},
  number = {5-6},
  journal = {Journal of Mathematical Biology},
  author = {U. Dieckmann and R. Law},
  year = {1996},
  pages = {579--612},
}

@Article{Dieckmann-1997,
  title = {Can adaptive dynamics invade},
  volume = {12},
  number = {4},
  journal = {Trends in Ecology and Evolution},
  author = {U. Dieckmann},
  year = {1997},
  pages = {128--131},
}

@Article{Dieckmann-2006,
  title = {The adaptive dynamics of function-valued traits},
  journal = {Journal of Theoretical Biology},
  author = {U. Dieckmann and M. Heino and K. Parvinen},
  year = {2006},
}

@InCollection{Dieckmann-2007,
  title = {The adaptive dynamics of community structure},
  url = {http://www.iiasa.ac.at/~dieckman/reprints/DieckmannEtal2007.pdf},
  booktitle = {Mathematics for Ecology and Environmental Sciences},
  publisher = {Springer Verlag},
  author = {U. Dieckmann and Å. Brännström and R HilleRisLambers and H. C. Ito},
  collaborator = {Y, Takeuchi and Sato, K and Iwasa, Y},
  year = {2007},
  pages = {145--177},
}

@Article{Diekmann-1998,
  author = {O. Diekmann and M. Gyllenberg and J. A. J. Metz and H. R. Thieme},
  journal = {Journal of Mathematical Biology},
  number = {4},
  pages = {349--388},
  title = {On the formulation and analysis of general deterministic structured population models. I. Linear theory},
  volume = {36},
  year = {1998},
}

@Article{Diekmann-2001,
  author = {O. Diekmann and M. Gyllenberg and H. Barnard and M. Kirkilionis and J. A. J. Metz and H. R. Thieme},
  journal = {Journal of Mathematical Biology},
  number = {2},
  pages = {157--189},
  title = {On the formulation and analysis of general deterministic structured population models},
  volume = {43},
  year = {2001},
}

@Article{Eddelbuettel-2011,
  title = {{Rcpp}: Seamless {R} and {C++} Integration},
  author = {Dirk Eddelbuettel and Romain Fran\c{c}ois},
  journal = {Journal of Statistical Software},
  year = {2011},
  volume = {40},
  number = {8},
  pages = {1--18},
  url = {http://www.jstatsoft.org/v40/i08/},
}

@Book{Eddelbuettel-2013,
  title = {Seamless {R} and {C++} Integration with {Rcpp}},
  author = {Dirk Eddelbuettel},
  publisher = {Springer},
  address = {New York},
  year = {2013},
  note = {ISBN 978-1-4614-6867-7},
}

@Article{Falster-2011,
  title = {Influence of four major plant traits on average height, leaf-area cover, net primary productivity, and biomass density in single-species forests: a theoretical investigation},
  volume = {99},
  url = {http://doi.org/10.1111/j.1365-2745.2010.01735.x},
  doi = {10.1111/j.1365-2745.2010.01735.x},
  number = {1},
  journal = {Journal of Ecology},
  author = {D. S. Falster and Å Brännström and U. Dieckmann and M. Westoby},
  year = {2011},
  pages = {148--164},
}

@Article{Geritz-1988,
  title = {Competition in safe-sites},
  volume = {33},
  number = {2},
  journal = {Theoretical Population Biology},
  author = {S. A. H. Geritz and J. A. J. Metz and P. G. L. Klinkhamer and T. J. de Jong},
  year = {1988},
  pages = {161--180},
}

@Article{Geritz-1995,
  title = {Evolutionarily stable seed polymorphism and small-scale spatial variation in seedling density},
  volume = {146},
  url = {http://www.jstor.org/view/00030147/di006403/00p0184b/0},
  number = {5},
  journal = {American Naturalist},
  author = {S. A. H. Geritz},
  year = {1995},
  pages = {685--707},
}

@Article{Geritz-1998,
  title = {Evolutionarily singular strategies and the adaptive growth and branching of the evolutionary tree},
  volume = {12},
  number = {1},
  journal = {Evolutionary Ecology},
  author = {S. A. H. Geritz and É. Kisdi and G. Meszéna and J. A. J. Metz},
  year = {1998},
  pages = {35--57},
}

@Article{Gillespie-1976,
  title = {A general method for numerically simulating the stochastic time evolution of coupled chemical reactions},
  volume = {22},
  url = {http://www.sciencedirect.com/science/article/B6WHY-4DD1NC9-CP/2/43ade5f11fb949602b3a2abdbbb29f0e},
  doi = {10.1016/0021-9991(76)90041-3},
  number = {4},
  journal = {Journal of Computational Physics},
  author = {Daniel T. Gillespie},
  year = {1976},
  pages = {403--434},
}

@Book{Gough-2009,
  edition = {3rd},
  title = {{GNU} {Scientific} {Library} reference manual},
  isbn = {0954612078, 9780954612078},
  publisher = {Network Theory Ltd.},
  author = {Brian Gough},
  year = {2009},
}

@Article{Gyllenberg-2001,
  author = {M. Gyllenberg and J. A. J. Metz},
  journal = {Journal of Mathematical Biology},
  number = {6},
  pages = {545--560},
  title = {On fitness in structured metapopulations},
  volume = {43},
  year = {2001},
}

@Article{Hara-1984,
  author = {T. Hara},
  journal = {Journal of Theoretical Biology},
  pages = {173--190},
  title = {A stochastic model and the moment dynamics of the growth and size distribution of plant populations},
  volume = {109},
  year = {1984},
}

@Article{Kisdi-1999,
  title = {Evolutionary branching under asymmetric competition},
  volume = {197},
  doi = {10.1006/jtbi.1998.0864},
  number = {2},
  journal = {Journal of Theoretical Biology},
  author = {Éva Kisdi},
  year = {1999},
  pages = {149--162},
}

@Article{Kisdi-2001,
  title = {Evolutionary disarmament in interspecific competition},
  volume = {268},
  url = {http://dx.doi.org/10.1098/rspb.2001.1842},
  doi = {10.1098/rspb.2001.1842},
  number = {1485},
  journal = {Proceedings of the Royal Society of London - Series B: Biological Sciences},
  author = {Éva Kisdi and S. A. H. Geritz},
  year = {2001},
  pages = {2589--2594},
}

@Article{Kohyama-1993,
  author = {Takashi Kohyama},
  journal = {Journal of Ecology},
  number = {1},
  pages = {131--143},
  title = {Size-structured tree populations in gap-dynamic forest: the forest architecture hypothesis for the stable coexistence of species},
  volume = {81},
  year = {1993},
}

@Article{Leimar-2013,
  title = {Limiting similarity, species packing, and the shape of competition kernels},
  volume = {339},
  doi = {10.1016/j.jtbi.2013.08.005},
  journal = {Journal of Theoretical Biology},
  author = {O. Leimar and A. Sasaki and M. Doebeli and U. Dieckmann},
  year = {2013},
  pages = {3 -- 13},
}

@Article{Metz-1986,
  author = {J. A. J. Metz and O. Diekmann},
  journal = {Lecture notes in biomathematics},
  title = {The dynamics of physiologically structured populations},
  volume = {68},
  year = {1986},
}

@Article{Metz-1992,
  title = {How should we define 'fitness' for general ecological scenarios?},
  volume = {7},
  url = {http://dx.doi.org/10.1016/0169-5347(92)90073-K},
  doi = {10.1016/0169-5347(92)90073-K},
  number = {6},
  journal = {Trends in Ecology and Evolution},
  author = {J. A. J. Metz and R. M. Nisbet and S. A. H. Geritz},
  year = {1992},
  pages = {198--202},
}

@Article{Metz-2001,
  author = {J. A. J. Metz and M. Gyllenberg},
  journal = {Proceedings of the Royal Society of London - Series B: Biological Sciences},
  number = {1466},
  pages = {499--508},
  title = {How should we define fitness in structured metapopulation models? Including an application to the calculation of evolutionarily stable dispersal strategies},
  volume = {268},
  year = {2001},
}

@Article{Metz-2001,
  author = {J. A. J. Metz and M. Gyllenberg},
  journal = {Proceedings of the Royal Society of London - Series B: Biological Sciences},
  number = {1466},
  pages = {499--508},
  title = {How should we define fitness in structured metapopulation models? Including an application to the calculation of evolutionarily stable dispersal strategies},
  volume = {268},
  year = {2001},
}

@Article{Moorcroft-2001,
  author = {P. R. Moorcroft and G. C. Hurtt and S. W. Pacala},
  journal = {Ecological Monographs},
  number = {4},
  pages = {557--586},
  title = {A method for scaling vegetation dynamics: the ecosystem demography model {(ED)}},
  url = {http://www.esajournals.org/doi/abs/10.1890/0012-9615%282001%29071%5B0557%3AAMFSVD%5D2.0.CO%3B2},
  volume = {71},
  year = {2001},
}

@Article{Muller-landau-2010,
  title = {The tolerance--fecundity trade-off and the maintenance of diversity in seed size},
  volume = {107},
  url = {http://www.pnas.org/content/107/9/4242.abstract},
  doi = {10.1073/pnas.0911637107},
  number = {9},
  journal = {Proceedings of the National Academy of Sciences},
  author = {H. C. Muller-Landau},
  year = {2010},
  pages = {4242 --4247},
}

@Article{Niklas-2000,
  title = {The evolution of plant body plans -- a biomechanical perspective},
  volume = {85},
  doi = {10.1006/anbo.1999.1100},
  number = {4},
  journal = {Annals of Botany},
  author = {K Niklas},
  year = {2000},
  pages = {411--438},
}

@Article{Parvinen-2009,
  title = {Disturbance-generated niche-segregation in a structured metapopulation model},
  volume = {11},
  number = {4},
  journal = {Evolutionary Ecology Research},
  author = {K. Parvinen and G. Meszéna},
  year = {2009},
}

@Book{Press-1995,
  address = {Cambridge ; New York},
  author = {William H. Press},
  isbn = {0521431085},
  publisher = {Cambridge University Press},
  title = {Numerical recipes in C: the art of scientific computing},
  year = {1995},
}

@Manual{R-2015,
  title = {R: A Language and Environment for Statistical Computing},
  author = {{R Core Team}},
  organization = {R Foundation for Statistical Computing},
  address = {Vienna, Austria},
  year = {2015},
  url = {http://www.R-project.org/},
}

@Article{Sands-1995,
  title = {Modelling Canopy Production. I. Optimal Distribution of Photosynthetic Resources},
  volume = {22},
  url = {http://www.publish.csiro.au/?paper=PP9950593},
  doi = {10.1071/PP9950593},
  number = {4},
  journal = {Australian Journal of Plant Physiology},
  author = {Pj Sands},
  year = {1995},
  pages = {593},
}

@Manual{Chang-2014,
  title = {R6: Classes with reference semantics},
  author = {Winston Chang},
  year = {2014},
  url = {http://CRAN.R-project.org/package=R6},
}


@article{Falster-2015,
  title = {Multi-trait eco-evolutionary dynamics explain niche diversity and evolved neutrality in forests},
  doi = {10.1101/014605},
  abstract = {bioRxiv},
  language = {en},
  journal = {bioRxiv},
  author = {Falster, D. S. and Brännström, Åke and Westoby, Mark and Dieckmann, Ulf},
  year = {2015},
  pages = {014605},
}

@Manual{Eddelbuettel-2015,
  title = {BH: Boost C++ Header Files},
  author = {Dirk Eddelbuettel and John W. Emerson and Michael J. Kane},
  year = {2015},
  note = {R package version 1.55.0-3},
  url = {http://CRAN.R-project.org/package=BH},
}


@Book{Schaling-2014,
  edition = {2nd edition},
  title = {The {Boost} {C}++ libraries},
  isbn = {9781937434366},
  publisher = {XML Press},
  author = {Boris Schäling},
  year = {2014},
}

@Article{Sinko-1967,
  author = {James W. Sinko and William Streifer},
  doi = {10.2307/1934533},
  journal = {Ecology},
  number = {6},
  pages = {910--918},
  title = {A new model for age-size structure of a population},
  url = {http://www.jstor.org/stable/1934533},
  volume = {48},
  year = {1967},
}

@InCollection{Vonfoerster-1959,
  author = {H Von Foerster},
  booktitle = {The kinetics of cellular proliferation},
  editor = {F. Stohlman},
  pages = {382--407},
  publisher = {Grune et Stratton, New York},
  title = {Some remarks on changing populations},
  year = {1959},
}

@Article{Westoby-2002,
  title = {Plant ecological strategies: some leading dimensions of variation between species},
  volume = {33},
  url = {http://dx.doi.org/10.1146/annurev.ecolsys.33.010802.150452},
  doi = {10.1146/annurev.ecolsys.33.010802.150452},
  journal = {Annual Review of Ecology and Systematics},
  author = {M. Westoby and D. S. Falster and A. T. Moles and P. Vesk and I. J. Wright},
  year = {2002},
  pages = {125--159},
}

@Article{Wickham-2011,
  author = {Hadley Wickham},
  title = {testthat: Get Started with Testing},
  journal = {The R Journal},
  year = {2011},
  volume = {3},
  pages = {5--10},
  url = {http://journal.r-project.org/archive/2011-1/RJournal_2011-1_Wickham.pdf},
}
